BibTeX | EndNote | ACM Ref
@inproceedings{Fournet:1996:RCJ:237721.237805,
 author = {Fournet, C{\'e}dric and Gonthier, Georges},
 title = {The Reflexive CHAM and the Join-calculus},
 booktitle = {Proceedings of the 23rd ACM SIGPLAN-SIGACT Symposium on Principles of Programming Languages},
 series = {POPL '96},
 year = {1996},
 isbn = {0-89791-769-3},
 location = {St. Petersburg Beach, Florida, USA},
 pages = {372--385},
 numpages = {14},
 url = {http://doi.acm.org/10.1145/237721.237805},
 doi = {10.1145/237721.237805},
 acmid = {237805},
 publisher = {ACM},
 address = {New York, NY, USA},
} 

