@INPROCEEDINGS{Fournet_thereflexive,
    author = {Cedric Fournet and Georges Gonthier},
    title = {The reflexive CHAM and the join-calculus},
    booktitle = {IN PROCEEDINGS OF THE 23RD ACM SYMPOSIUM ON PRINCIPLES OF PROGRAMMING LANGUAGES},
    year = {},
    pages = {372--385},
    publisher = {ACM Press}
}
